% This file was created with JabRef 2.9.2.
% Encoding: UTF-8

@ARTICLE{CC01a,
  author = {Chang, Chih-Chung and Lin, Chih-Jen},
  title = {{LIBSVM}: A library for support vector machines},
  journal = {ACM Transactions on Intelligent Systems and Technology},
  year = {2011},
  volume = {2},
  pages = {27:1--27:27},
  note = {Software available at \url{http://www.csie.ntu.edu.tw/~cjlin/libsvm}},
  issue = {3}
}

@ARTICLE{2012-Lin-p256-264,
  author = {Lin, Shuang and Chen, Jie and Niu, Zhendong},
  title = {Combining a segmentation-like approach and a density-based approach
	in content extraction},
  journal = {Tsinghua Science and Technology},
  year = {2012},
  volume = {17},
  pages = {256--264},
  number = {3},
  __markedentry = {[coder:6]},
  owner = {coder},
  publisher = {TUP},
  timestamp = {2013.10.18},
  url = {http://ieeexplore.ieee.org/xpls/abs_all.jsp?arnumber=6216755}
}

@comment{jabref-meta: selector_publisher:}

@comment{jabref-meta: selector_author:}

@comment{jabref-meta: selector_journal:}

@comment{jabref-meta: selector_keywords:}

