% This file was created with JabRef 2.9.2.
% Encoding: UTF8

@ARTICLE{hinton2006fast,
  author = {Hinton, Geoffrey E and Osindero, Simon and Teh, Yee-Whye},
  title = {A fast learning algorithm for deep belief nets},
  journal = {Neural computation},
  year = {2006},
  volume = {18},
  pages = {1527--1554},
  number = {7},
  file = {A fast learning algorithm for deep belief nets.pdf:papers-not-read/deep learning/A fast learning algorithm for deep belief nets.pdf:PDF},
  publisher = {MIT Press}
}

@INPROCEEDINGS{salakhutdinov2009replicated,
  author = {Salakhutdinov, Ruslan and Hinton, Geoffrey E},
  title = {Replicated Softmax: an Undirected Topic Model.},
  booktitle = {NIPS},
  year = {2009},
  volume = {22},
  pages = {1607--1614},
  file = {salakhutdinov2009replicated.pdf:salakhutdinov2009replicated.pdf:PDF}
}

