% This file was created with JabRef 2.9.2.
% Encoding: UTF8

@ARTICLE{2009-Batsakis-p1001-1013,
  author = {Batsakis, Sotiris and Petrakis, Euripides GM and Milios, Evangelos},
  title = {Improving the performance of focused web crawlers},
  journal = {Data \& Knowledge Engineering},
  year = {2009},
  volume = {68},
  pages = {1001--1013},
  number = {10},
  __markedentry = {[coder:6]},
  owner = {coder},
  publisher = {Elsevier},
  timestamp = {2013.10.29},
  url = {http://www.sciencedirect.com/science/article/pii/S0169023X0900055X}
}

@ARTICLE{1999-Chakrabarti-p1623-1640,
  author = {Chakrabarti, Soumen and Van den Berg, Martin and Dom, Byron},
  title = {Focused crawling: a new approach to topic-specific Web resource discovery},
  journal = {Computer Networks},
  year = {1999},
  volume = {31},
  pages = {1623--1640},
  number = {11},
  __markedentry = {[coder:6]},
  owner = {coder},
  publisher = {Elsevier},
  timestamp = {2013.10.29},
  url = {http://www.sciencedirect.com/science/article/pii/S1389128699000523}
}

@INPROCEEDINGS{2001-Ester-p-,
  author = {Ester, Martin and Gro{\ss}, Matthias and Kriegel, Hans-Peter},
  title = {Focused Web crawling: A generic framework for specifying the user
	interest and for adaptive crawling strategies},
  booktitle = {Proceedings of 27th International Conference on Very Large Data Bases,
	Roma, Italy},
  year = {2001},
  __markedentry = {[coder:6]},
  owner = {coder},
  timestamp = {2013.10.29}
}

@ARTICLE{2005-Gatial-p41-46,
  author = {Gatial, Emil and Balogh, Zoltan and Laclav{\'\i}k, Michal and Ciglan,
	Marek and Hluch{\`y}, L},
  title = {Focused web crawling mechanism based on page relevance},
  journal = {Proceedings of ITAT},
  year = {2005},
  pages = {41--46},
  __markedentry = {[coder:6]},
  owner = {coder},
  timestamp = {2013.10.29}
}

@INPROCEEDINGS{2011-Groc-p497-498,
  author = {de Groc, Cl{\'e}ment},
  title = {Babouk: Focused web crawling for corpus compilation and automatic
	terminology extraction},
  booktitle = {Web Intelligence and Intelligent Agent Technology (WI-IAT), 2011
	IEEE/WIC/ACM International Conference on},
  year = {2011},
  volume = {1},
  pages = {497--498},
  organization = {IEEE},
  __markedentry = {[coder:6]},
  owner = {coder},
  timestamp = {2013.10.29},
  url = {http://ieeexplore.ieee.org/xpls/abs_all.jsp?arnumber=6040719}
}

@INPROCEEDINGS{2003-Johnson-p298-305,
  author = {Johnson, Judy and Tsioutsiouliklis, Kostas and Giles, C Lee},
  title = {Evolving strategies for focused web crawling},
  booktitle = {ICML},
  year = {2003},
  pages = {298--305},
  __markedentry = {[coder:6]},
  owner = {coder},
  timestamp = {2013.10.29},
  url = {http://www.aaai.org/Papers/ICML/2003/ICML03-041.pdf}
}

@ARTICLE{2007-Liu-p6-6,
  author = {Liu, Jin-Hong and Lu, Yu-Liang},
  title = {Survey on topic-focused Web crawler},
  journal = {Application Research of Computers},
  year = {2007},
  volume = {10},
  pages = {006},
  __markedentry = {[coder:6]},
  owner = {coder},
  timestamp = {2013.10.29},
  url = {http://en.cnki.com.cn/Article_en/CJFDTOTAL-JSYJ200710006.htm}
}

@ARTICLE{2004-Novak-p-,
  author = {Novak, Blaz},
  title = {A survey of focused web crawling algorithms},
  year = {2004},
  __markedentry = {[coder:6]},
  owner = {coder},
  timestamp = {2013.10.29},
  url = {http://eprints.pascal-network.org/archive/00000738/}
}

@ARTICLE{2010-Olston-p175-246,
  author = {Olston, Christopher and Najork, Marc},
  title = {Web crawling},
  journal = {Foundations and Trends in Information Retrieval},
  year = {2010},
  volume = {4},
  pages = {175--246},
  number = {3},
  __markedentry = {[coder:6]},
  owner = {coder},
  publisher = {Now Publishers Inc.},
  timestamp = {2013.10.29},
  url = {http://dl.acm.org/citation.cfm?id=1734789}
}

@ARTICLE{2008-Talvensaari-p427-445,
  author = {Talvensaari, Tuomas and Pirkola, Ari and J{\"a}rvelin, Kalervo and
	Juhola, Martti and Laurikkala, Jorma},
  title = {Focused web crawling in the acquisition of comparable corpora},
  journal = {Information Retrieval},
  year = {2008},
  volume = {11},
  pages = {427--445},
  number = {5},
  __markedentry = {[coder:6]},
  owner = {coder},
  publisher = {Springer},
  timestamp = {2013.10.29},
  url = {http://link.springer.com/article/10.1007/s10791-008-9058-8}
}

@ARTICLE{2012-Torkestani-p586-601,
  author = {Torkestani, Javad Akbari},
  title = {An adaptive focused web crawling algorithm based on learning automata},
  journal = {Applied Intelligence},
  year = {2012},
  volume = {37},
  pages = {586--601},
  number = {4},
  __markedentry = {[coder:6]},
  owner = {coder},
  publisher = {Springer},
  timestamp = {2013.10.29},
  url = {http://link.springer.com/article/10.1007/s10489-012-0351-2}
}

