% This file was created with JabRef 2.9.2.
% Encoding: UTF8

@INPROCEEDINGS{Celik:2012:OIE:2456270.2456284,
  author = {\c{C}elik, Duygu and El\c{c}i, Atilla},
  title = {An Ontology-based Information Extraction Approach for R\&\#233;Sum\&\#233;s},
  booktitle = {Proceedings of the 2012 International Conference on Pervasive Computing
	and the Networked World},
  year = {2013},
  series = {ICPCA/SWS'12},
  pages = {165--179},
  address = {Berlin, Heidelberg},
  publisher = {Springer-Verlag},
  acmid = {2456284},
  doi = {10.1007/978-3-642-37015-1_14},
  isbn = {978-3-642-37014-4},
  keywords = {information extraction, r{\'e}sum{\'e}, semantic search agents, web
	ontology language, web semantics},
  location = {Istanbul, Turkey},
  numpages = {15},
  url = {http://dx.doi.org/10.1007/978-3-642-37015-1_14}
}

@ARTICLE{abiramiontology,
  author = {Abirami, AM and Askarunisa, A and Sangeetha, R and Padmavathi, C
	and Priya, M},
  title = {Ontology based ranking of documents using Graph Databases: a Big
	Data Approach},
  file = {:ie_cv/Ontology based ranking of documents using Graph  Databases- a Big Data Approach.pdf:PDF},
  url = {https://www.iiitd.edu.in/~spbda2014/papers/spbda2014_submission_2_Sangeetha.pdf}
}

@INPROCEEDINGS{Carlson:2010:CSL:1718487.1718501,
  author = {Carlson, Andrew and Betteridge, Justin and Wang, Richard C. and Hruschka,Jr.,
	Estevam R. and Mitchell, Tom M.},
  title = {Coupled Semi-supervised Learning for Information Extraction},
  booktitle = {Proceedings of the Third ACM International Conference on Web Search
	and Data Mining},
  year = {2010},
  series = {WSDM '10},
  pages = {101--110},
  address = {New York, NY, USA},
  publisher = {ACM},
  acmid = {1718501},
  doi = {10.1145/1718487.1718501},
  file = {Coupled Semi-Supervised Learning for Information Extraction.pdf:ie_cv/Coupled Semi-Supervised Learning for Information Extraction.pdf:PDF},
  isbn = {978-1-60558-889-6},
  keywords = {bootstrap learning, information extraction, semi-supervised learning,
	web mining},
  location = {New York, New York, USA},
  numpages = {10},
  review = {基于半监督学习的信息抽取},
  url = {http://doi.acm.org/10.1145/1718487.1718501}
}

@INPROCEEDINGS{Huang:2012:BTE:2380816.2380853,
  author = {Huang, Ruihong and Riloff, Ellen},
  title = {Bootstrapped Training of Event Extraction Classifiers},
  booktitle = {Proceedings of the 13th Conference of the European Chapter of the
	Association for Computational Linguistics},
  year = {2012},
  series = {EACL '12},
  pages = {286--295},
  address = {Stroudsburg, PA, USA},
  publisher = {Association for Computational Linguistics},
  acmid = {2380853},
  isbn = {978-1-937284-19-0},
  location = {Avignon, France},
  numpages = {10},
  url = {http://dl.acm.org/citation.cfm?id=2380816.2380853}
}

@INPROCEEDINGS{kopparapu2010automatic,
  author = {Kopparapu, Sunil Kumar},
  title = {Automatic extraction of usable information from unstructured resumes
	to aid search},
  booktitle = {Progress in Informatics and Computing (PIC), 2010 IEEE International
	Conference on},
  year = {2010},
  volume = {1},
  pages = {99--103},
  organization = {IEEE},
  file = {Automatic Extraction of Usable Information from Unstructured Resumes to Aid Search .pdf:ie_cv/Automatic Extraction of Usable Information from Unstructured Resumes to Aid Search .pdf:PDF}
}

@ARTICLE{kumariautomated,
  author = {Kumari, Sneha and Giri, Punam and Choudhury, Swati and Patil, SR},
  title = {AUTOMATED RESUME EXTRACTION AND CANDIDATE SELECTION SYSTEM},
  journal = {International Journal of Research in Engineering and Technology},
  year = {2014},
  file = {kumariautomated.pdf:ie_cv/kumariautomated.pdf:PDF},
  review = {IJRET 是个已经被EI踢出去的韩国垃圾期刊...已经没有必要去投了..
	
	
	本文写的巨垃圾无比..
	
	总共3页，还有1页半的图，而且非常不清晰..
	
	绝笔的渣渣..
	
	
	IJRET可以无视了.
	
	
	本文毫无参考意义}
}

@ARTICLE{maheshwari2010mining,
  author = {Maheshwari, Sumit},
  title = {Mining special features to improve the performance of product selection
	in e-commerce environment and resume extraction system},
  journal = {International Institute of Information Technology},
  year = {2010},
  file = {Mining special features to improve the performance of product selection in e-commerce environment and resume extraction system.pdf:ie_cv/Mining special features to improve the performance of product selection in e-commerce environment and resume extraction system.pdf:PDF}
}

@INCOLLECTION{maheshwari2010approach,
  author = {Maheshwari, Sumit and Sainani, Abhishek and Reddy, P Krishna},
  title = {An approach to extract special skills to improve the performance
	of resume selection},
  booktitle = {Databases in Networked Information Systems},
  publisher = {Springer},
  year = {2010},
  pages = {256--273},
  file = {An Approach to Extract Special Skills to Improve the Performance of Resume Selection.pdf:ie_cv/An Approach to Extract Special Skills to Improve the Performance of Resume Selection.pdf:PDF}
}

@ARTICLE{sainani2012mining,
  author = {Sainani, Abhishek and Reddy, P Krishna and Maheshwari, Sumit},
  title = {Mining special features to improve the performance of e--commerce
	product selection and resume processing},
  journal = {International Journal of Computational Science and Engineering},
  year = {2012},
  volume = {7},
  pages = {82--95},
  number = {1},
  publisher = {Inderscience}
}

@ARTICLE{saxena2011enhancing,
  author = {Saxena, Charul},
  title = {Enhancing Productivity of Recruitment Process Using Data mining \&
	Text Mining Tools},
  year = {2011},
  file = {Enhancing Productivity of Recruitment Process Using Data mining & Text Mining Tools.pdf:ie_cv/Enhancing Productivity of Recruitment Process Using Data mining & Text Mining Tools.pdf:PDF},
  review = {2011年 的一篇美国硕士论文}
}

@INPROCEEDINGS{Singh:2010:PSS:1871437.1871523,
  author = {Singh, Amit and Rose, Catherine and Visweswariah, Karthik and Chenthamarakshan,
	Vijil and Kambhatla, Nandakishore},
  title = {PROSPECT: A System for Screening Candidates for Recruitment},
  booktitle = {Proceedings of the 19th ACM International Conference on Information
	and Knowledge Management},
  year = {2010},
  series = {CIKM '10},
  pages = {659--668},
  address = {New York, NY, USA},
  publisher = {ACM},
  acmid = {1871523},
  doi = {10.1145/1871437.1871523},
  file = {PROSPECT\: a system for screening candidates for recruitment.pdf:ie_cv/PROSPECT\: a system for screening candidates for recruitment.pdf:PDF},
  isbn = {978-1-4503-0099-5},
  keywords = {resume information extraction, resume search},
  location = {Toronto, ON, Canada},
  numpages = {10},
  url = {http://doi.acm.org/10.1145/1871437.1871523}
}

@ARTICLE{Tang:2010:CAW:1870096.1870098,
  author = {Tang, Jie and Yao, Limin and Zhang, Duo and Zhang, Jing},
  title = {A Combination Approach to Web User Profiling},
  journal = {ACM Trans. Knowl. Discov. Data},
  year = {2010},
  volume = {5},
  pages = {2:1--2:44},
  number = {1},
  month = dec,
  acmid = {1870098},
  address = {New York, NY, USA},
  articleno = {2},
  doi = {10.1145/1870096.1870098},
  file = {A Combination Approach to Web User profiling.pdf:ie_cv/A Combination Approach to Web User profiling.pdf:PDF},
  issn = {1556-4681},
  issue_date = {December 2010},
  keywords = {User profiling, information extraction, name disambiguation, social
	network, text mining, topic modeling},
  numpages = {44},
  publisher = {ACM},
  url = {http://doi.acm.org/10.1145/1870096.1870098}
}

@INPROCEEDINGS{Yan:2009:RER:1697959.1697965,
  author = {Yan, Xin and Jeschke, Sabina and Dubey, Amit and Wilke, Marc and
	Sch\"{u}tze, Hinrich},
  title = {RENS --- Enabling a Robot to Identify a Person},
  booktitle = {Proceedings of the 2Nd International Conference on Intelligent Robotics
	and Applications},
  year = {2009},
  series = {ICIRA '09},
  pages = {43--54},
  address = {Berlin, Heidelberg},
  publisher = {Springer-Verlag},
  acmid = {1697965},
  doi = {10.1007/978-3-642-10817-4_5},
  isbn = {978-3-642-10816-7},
  location = {Singapore},
  numpages = {12},
  url = {http://dx.doi.org/10.1007/978-3-642-10817-4_5}
}

@INPROCEEDINGS{Yu:2005:RIE:1219840.1219902,
  author = {Yu, Kun and Guan, Gang and Zhou, Ming},
  title = {Resume Information Extraction with Cascaded Hybrid Model},
  booktitle = {Proceedings of the 43rd Annual Meeting on Association for Computational
	Linguistics},
  year = {2005},
  series = {ACL '05},
  pages = {499--506},
  address = {Stroudsburg, PA, USA},
  publisher = {Association for Computational Linguistics},
  acmid = {1219902},
  doi = {10.3115/1219840.1219902},
  file = {Resume Information Extraction with Cascaded Hybrid Model.pdf:ie_cv/Resume Information Extraction with Cascaded Hybrid Model.pdf:PDF},
  location = {Ann Arbor, Michigan},
  numpages = {8},
  review = {引用数很高},
  url = {http://dx.doi.org/10.3115/1219840.1219902}
}

