% This file was created with JabRef 2.7b.
% Encoding: UTF-8

@INPROCEEDINGS{burges2005learning,
  author = {Burges, Chris and Shaked, Tal and Renshaw, Erin and Lazier, Ari and
	Deeds, Matt and Hamilton, Nicole and Hullender, Greg},
  title = {Learning to rank using gradient descent},
  booktitle = {Proceedings of the 22nd international conference on Machine learning},
  year = {2005},
  pages = {89--96},
  organization = {ACM}
}

@comment{jabref-meta: selector_publisher:}

@comment{jabref-meta: selector_author:}

@comment{jabref-meta: selector_journal:}

@comment{jabref-meta: selector_keywords:}

