% This file was created with JabRef 2.9.2.
% Encoding: UTF8

@ARTICLE{2010--p157-158,
  author = { and },
  title = { },
  journal = { },
  year = {2010},
  volume = {30},
  pages = {157--158},
  number = {2},
  __markedentry = {[coder:]},
  owner = {coder},
  publisher = { },
  timestamp = {2013.10.28},
  url = {http://d.wanfangdata.com.cn/periodical_hubgbdsdxxb201002088.aspx}
}

@ARTICLE{2010--p32-32,
  author = { },
  title = { },
  journal = { },
  year = {2010},
  volume = {2},
  pages = {032},
  __markedentry = {[coder:]},
  owner = {coder},
  publisher = { },
  timestamp = {2013.10.28},
  url = {http://d.wanfangdata.com.cn/periodical_jsjyxdh201002033.aspx}
}

@ARTICLE{2009--p-,
  author = { },
  title = { XML },
  journal = {Software Guide},
  year = {2009},
  volume = {8},
  number = {3},
  __markedentry = {[coder:]},
  owner = {coder},
  timestamp = {2013.10.28}
}

@ARTICLE{2009--p26-29,
  author = { and },
  title = { : },
  journal = { },
  year = {2009},
  volume = {36},
  pages = {26--29},
  number = {8},
  __markedentry = {[coder:6]},
  owner = {coder},
  publisher = { },
  timestamp = {2013.10.28},
  url = {http://d.wanfangdata.com.cn/periodical_jsjkx200908007.aspx}
}

@ARTICLE{2009--p37-37,
  author = { and and },
  title = { [J]},
  journal = { },
  year = {2009},
  volume = {11},
  pages = {037},
  __markedentry = {[coder:]},
  owner = {coder},
  publisher = { },
  timestamp = {2013.10.28},
  url = {http://d.wanfangdata.com.cn/periodical_jsjxtyy200911036.aspx}
}

@PHDTHESIS{2008--p-,
  author = { },
  title = { Web },
  school = { : },
  year = {2008},
  __markedentry = {[coder:]},
  owner = {coder},
  timestamp = {2013.10.28},
  url = {http://cdmd.cnki.com.cn/Article/CDMD-10697-2009057565.htm}
}

@ARTICLE{2008--p1313-1314,
  author = { },
  title = { ASP. Net },
  journal = { },
  year = {2008},
  volume = {16},
  pages = {1313--1314},
  __markedentry = {[coder:]},
  owner = {coder},
  publisher = { },
  timestamp = {2013.10.28},
  url = {http://d.wanfangdata.com.cn/periodical_dnzsyjs-itrzyksb200816059.aspx}
}

@ARTICLE{2008--p169-170,
  author = { and and },
  title = { },
  journal = { },
  year = {2008},
  volume = {24},
  pages = {169--170},
  number = {7},
  __markedentry = {[coder:]},
  owner = {coder},
  publisher = { },
  timestamp = {2013.10.28},
  url = {http://d.wanfangdata.com.cn/periodical_fjdn200807106.aspx}
}

@ARTICLE{2008--p20-23,
  author = { and and },
  title = { [J]},
  journal = { },
  year = {2008},
  volume = {44},
  pages = {20--23},
  number = {12},
  __markedentry = {[coder:]},
  owner = {coder},
  publisher = { },
  timestamp = {2013.10.28},
  url = {http://d.wanfangdata.com.cn/periodical_jsjgcyyy200836005.aspx}
}

@ARTICLE{2008--p3160-3162,
  author = { and },
  title = { [J]},
  journal = { },
  year = {2008},
  volume = {29},
  pages = {3160--3162},
  number = {12},
  __markedentry = {[coder:6]},
  owner = {coder},
  publisher = { },
  timestamp = {2013.10.28},
  url = {http://d.wanfangdata.com.cn/periodical_jsjgcysj200812053.aspx}
}

@ARTICLE{2008--p38-39,
  author = { },
  title = { LAMP },
  journal = { },
  year = {2008},
  volume = {163},
  pages = {38--39},
  number = {9},
  __markedentry = {[coder:]},
  owner = {coder},
  publisher = { },
  timestamp = {2013.10.28},
  url = {http://d.wanfangdata.com.cn/periodical_nmgkjyjj200809021.aspx}
}

@ARTICLE{2008--p4-6,
  author = { and },
  title = { },
  journal = { },
  year = {2008},
  volume = {30},
  pages = {4--6},
  number = {3},
  __markedentry = {[coder:6]},
  owner = {coder},
  publisher = { },
  timestamp = {2013.10.28},
  url = {http://d.wanfangdata.com.cn/periodical_jsjgcykx200803002.aspx}
}

@ARTICLE{2007--p119-121,
  author = { and and and },
  title = { Web [J]},
  journal = { },
  year = {2007},
  volume = {23},
  pages = {119--121},
  number = {7},
  __markedentry = {[coder:6]},
  owner = {coder},
  publisher = { },
  timestamp = {2013.10.28},
  url = {http://d.wanfangdata.com.cn/periodical_wjsjxx200721048.aspx}
}

@ARTICLE{2007--p26-29,
  author = { and },
  title = { },
  journal = { },
  year = {2007},
  volume = {24},
  pages = {26--29},
  number = {10},
  __markedentry = {[coder:6]},
  owner = {coder},
  timestamp = {2013.10.28}
}

@ARTICLE{2006--p3154-3158,
  author = { and },
  title = {Deep Web },
  journal = { },
  year = {2006},
  volume = {27},
  pages = {3154--3158},
  number = {17},
  __markedentry = {[coder:6]},
  owner = {coder},
  publisher = { },
  timestamp = {2013.10.28},
  url = {http://d.wanfangdata.com.cn/periodical_jsjgcysj200617015.aspx}
}

@ARTICLE{2005--p1896-1902,
  author = { and and },
  title = {Deep Web },
  journal = { ( )},
  year = {2005},
  volume = {45},
  pages = {1896--1902},
  number = {s1},
  __markedentry = {[coder:6]},
  owner = {coder},
  publisher = { },
  timestamp = {2013.10.28},
  url = {http://d.wanfangdata.com.cn/periodical_qhdxxb200509037.aspx}
}

@ARTICLE{2005--p1965-1969,
  author = { and },
  title = { },
  journal = { },
  year = {2005},
  volume = {25},
  pages = {1965--1969},
  number = {9},
  __markedentry = {[coder:6]},
  owner = {coder},
  timestamp = {2013.10.28}
}

@BOOK{2004--p-,
  title = { : },
  publisher = { },
  year = {2004},
  author = { and },
  __markedentry = {[coder:]},
  owner = {coder},
  timestamp = {2013.10.28}
}

@ARTICLE{2004--p11-13,
  author = { and },
  title = { },
  journal = { },
  year = {2004},
  volume = {24},
  pages = {11--13},
  number = {6},
  __markedentry = {[coder:6]},
  owner = {coder},
  timestamp = {2013.10.28}
}

@INPROCEEDINGS{2001-Ee-p-,
  author = {Ee, Chee-Hong Chan Aixin Sun and Lim, Peng},
  title = {Automated online news classification with personalization},
  booktitle = {4th international conference on asian digital libraries},
  year = {2001},
  owner = {coder},
  timestamp = {2013.10.17}
}

@INCOLLECTION{2005-Ko-p238-247,
  author = {Ko, Hon-Man and Lam, Wai},
  title = {A new approach for semi-supervised online news classification},
  booktitle = {Web and Communication Technologies and Internet-Related Social Issues-HSI
	2005},
  publisher = {Springer},
  year = {2005},
  pages = {238--247},
  owner = {coder},
  timestamp = {2013.10.17},
  url = {http://link.springer.com/chapter/10.1007/11527725_25}
}

@INPROCEEDINGS{2005-Kroha-p428-432,
  author = {Kroha, Petr and Baeza-Yates, Ricardo},
  title = {A case study: News classification based on term frequency},
  booktitle = {Database and Expert Systems Applications, 2005. Proceedings. Sixteenth
	International Workshop on},
  year = {2005},
  pages = {428--432},
  organization = {IEEE},
  owner = {coder},
  timestamp = {2013.10.17},
  url = {http://ieeexplore.ieee.org/xpls/abs_all.jsp?arnumber=1508310}
}

@INPROCEEDINGS{2010-Lerman-p621-630,
  author = {Lerman, Kristina and Hogg, Tad},
  title = {Using a model of social dynamics to predict popularity of news},
  booktitle = {Proceedings of the 19th international conference on World wide web},
  year = {2010},
  pages = {621--630},
  organization = {ACM},
  file = {Using a Model of Social Dynamics to Predict Popularity of News.pdf:papers-not-read/news ranking/Using a Model of Social Dynamics to Predict Popularity of News.pdf:PDF},
  owner = {coder},
  timestamp = {2013.10.17},
  url = {http://dl.acm.org/citation.cfm?id=1772754}
}

@INPROCEEDINGS{1997-Schwartz-p-,
  author = {Schwartz, Richard M and Imai, Toru and Kubala, Francis and Nguyen,
	Long and Makhoul, John},
  title = {A maximum likelihood model for topic classification of broadcast
	news.},
  booktitle = {Eurospeech},
  year = {1997},
  owner = {coder},
  timestamp = {2013.10.17}
}

@INPROCEEDINGS{2002-Selamat-p2389-2394,
  author = {Selamat, Ali and Yanagimoto, Hidekazu and Omatu, Sigeru},
  title = {Web news classification using neural networks based on PCA},
  booktitle = {SICE 2002. Proceedings of the 41st SICE Annual Conference},
  year = {2002},
  volume = {4},
  pages = {2389--2394},
  organization = {IEEE},
  owner = {coder},
  timestamp = {2013.10.17},
  url = {http://ieeexplore.ieee.org/xpls/abs_all.jsp?arnumber=1195784}
}

@INPROCEEDINGS{2010-Sriram-p841-842,
  author = {Sriram, Bharath and Fuhry, Dave and Demir, Engin and Ferhatosmanoglu,
	Hakan and Demirbas, Murat},
  title = {Short text classification in twitter to improve information filtering},
  booktitle = {Proceedings of the 33rd international ACM SIGIR conference on Research
	and development in information retrieval},
  year = {2010},
  pages = {841--842},
  organization = {ACM},
  owner = {coder},
  timestamp = {2013.10.17},
  url = {http://dl.acm.org/citation.cfm?id=1835643}
}

@INPROCEEDINGS{1997-Yang-p412-420,
  author = {Yang, Yiming and Pedersen, Jan O},
  title = {A comparative study on feature selection in text categorization},
  booktitle = {ICML},
  year = {1997},
  volume = {97},
  pages = {412--420},
  owner = {coder},
  timestamp = {2013.10.17}
}

@INPROCEEDINGS{2001-Zheng-p-,
  author = {Zheng, Zhiping},
  title = {International news connection: A real-time online news filtering
	and classification system},
  booktitle = {Proceedings of Workshop on Mathematical/Formal Methods in Information
	Retrieval (ACM/SIGIR MF/IR 2001)},
  year = {2001},
  organization = {Citeseer},
  owner = {coder},
  timestamp = {2013.10.17}
}

