% This file was created with JabRef 2.9.2.
% Encoding: UTF8

@INPROCEEDINGS{1997-Aronson-p485-485,
  author = {Aronson, Alan R and Rindflesch, Thomas C},
  title = {Query expansion using the UMLS Metathesaurus.},
  booktitle = {Proceedings of the AMIA Annual Fall Symposium},
  year = {1997},
  pages = {485},
  organization = {American Medical Informatics Association},
  owner = {coder},
  timestamp = {2013.10.18},
  url = {http://www.ncbi.nlm.nih.gov/pmc/articles/PMC2233565/}
}

@ARTICLE{2007-Bhogal-p866-886a,
  author = {Bhogal, Jagdev and MacFarlane, Andy and Smith, Peter},
  title = {A review of ontology based query expansion},
  journal = {Information processing \& management},
  year = {2007},
  volume = {43},
  pages = {866--886},
  number = {4},
  owner = {coder},
  publisher = {Elsevier},
  timestamp = {2013.10.18},
  url = {http://www.sciencedirect.com/science/article/pii/S0306457306001476}
}

@INPROCEEDINGS{2003-Billerbeck-p2-9,
  author = {Billerbeck, Bodo and Scholer, Falk and Williams, Hugh E and Zobel,
	Justin},
  title = {Query expansion using associated queries},
  booktitle = {Proceedings of the twelfth international conference on Information
	and knowledge management},
  year = {2003},
  pages = {2--9},
  organization = {ACM},
  owner = {coder},
  timestamp = {2013.10.18},
  url = {http://dl.acm.org/citation.cfm?id=956866}
}

@ARTICLE{2011-Bollegala-p977-990,
  author = {Bollegala, Danushka and Matsuo, Yutaka and Ishizuka, Mitsuru},
  title = {A web search engine-based approach to measure semantic similarity
	between words},
  journal = {Knowledge and Data Engineering, IEEE Transactions on},
  year = {2011},
  volume = {23},
  pages = {977--990},
  number = {7},
  owner = {coder},
  publisher = {IEEE},
  timestamp = {2013.10.18},
  url = {http://ieeexplore.ieee.org/xpls/abs_all.jsp?arnumber=5582093}
}

@ARTICLE{2001-Carpineto-p1-27,
  author = {Carpineto, Claudio and De Mori, Renato and Romano, Giovanni and Bigi,
	Brigitte},
  title = {An information-theoretic approach to automatic query expansion},
  journal = {ACM Transactions on Information Systems (TOIS)},
  year = {2001},
  volume = {19},
  pages = {1--27},
  number = {1},
  owner = {coder},
  publisher = {ACM},
  timestamp = {2013.10.18},
  url = {http://dl.acm.org/citation.cfm?id=366860}
}

@ARTICLE{2012-Carpineto-p1-1,
  author = {Carpineto, Claudio and Romano, Giovanni},
  title = {A survey of automatic query expansion in information retrieval},
  journal = {ACM Computing Surveys (CSUR)},
  year = {2012},
  volume = {44},
  pages = {1},
  number = {1},
  owner = {coder},
  publisher = {ACM},
  timestamp = {2013.10.18},
  url = {http://dl.acm.org/citation.cfm?id=2071390}
}

@INPROCEEDINGS{2007-Chirita-p7-14,
  author = {Chirita, Paul-Alexandru and Firan, Claudiu S and Nejdl, Wolfgang},
  title = {Personalized query expansion for the web},
  booktitle = {Proceedings of the 30th annual international ACM SIGIR conference
	on Research and development in information retrieval},
  year = {2007},
  pages = {7--14},
  organization = {ACM},
  owner = {coder},
  timestamp = {2013.10.18},
  url = {http://dl.acm.org/citation.cfm?id=1277746}
}

@INCOLLECTION{2006-Cilibrasi-p21-45,
  author = {Cilibrasi, Rudi and Vitanyi, Paul},
  title = {Similarity of objects and the meaning of words},
  booktitle = {Theory and Applications of Models of Computation},
  publisher = {Springer},
  year = {2006},
  pages = {21--45},
  owner = {coder},
  timestamp = {2013.10.18},
  url = {http://link.springer.com/chapter/10.1007/11750321_2}
}

@ARTICLE{2007-Cilibrasi-p370-383,
  author = {Cilibrasi, Rudi L and Vitanyi, Paul MB},
  title = {The google similarity distance},
  journal = {Knowledge and Data Engineering, IEEE Transactions on},
  year = {2007},
  volume = {19},
  pages = {370--383},
  number = {3},
  owner = {coder},
  publisher = {IEEE},
  timestamp = {2013.10.18},
  url = {http://ieeexplore.ieee.org/xpls/abs_all.jsp?arnumber=4072748}
}

@INPROCEEDINGS{2005-Collins-Thompson-p704-711,
  author = {Collins-Thompson, Kevyn and Callan, Jamie},
  title = {Query expansion using random walk models},
  booktitle = {Proceedings of the 14th ACM international conference on Information
	and knowledge management},
  year = {2005},
  pages = {704--711},
  organization = {ACM},
  file = {Query Expansion Using Random Walk Models.pdf:papers-have-read/query expansion/global query expansion/Query Expansion Using Random Walk Models.pdf:PDF},
  owner = {coder},
  timestamp = {2013.10.18},
  url = {http://dl.acm.org/citation.cfm?id=1099727}
}

@TECHREPORT{2004-Cronen-Townsend-p-,
  author = {Cronen-Townsend, Steve and Zhou, Yun and Croft, W Bruce},
  title = {A language modeling framework for selective query expansion},
  institution = {DTIC Document},
  year = {2004},
  owner = {coder},
  timestamp = {2013.10.18},
  url = {http://oai.dtic.mil/oai/oai?verb=getRecord&amp;metadataPrefix=html&amp;identifier=ADA478016}
}

@INPROCEEDINGS{2004-Cronen-Townsend-p236-237,
  author = {Cronen-Townsend, Steve and Zhou, Yun and Croft, W Bruce},
  title = {A framework for selective query expansion},
  booktitle = {Proceedings of the thirteenth ACM international conference on Information
	and knowledge management},
  year = {2004},
  pages = {236--237},
  organization = {ACM},
  owner = {coder},
  timestamp = {2013.10.18},
  url = {http://dl.acm.org/citation.cfm?id=1031220}
}

@ARTICLE{2003-Cui-p829-839,
  author = {Cui, Hang and Wen, Ji-Rong and Nie, Jian-Yun and Ma, Wei-Ying},
  title = {Query expansion by mining user logs},
  journal = {Knowledge and Data Engineering, IEEE Transactions on},
  year = {2003},
  volume = {15},
  pages = {829--839},
  number = {4},
  file = {Query expansion by mining user logs.pdf:papers-have-read/query expansion/global query expansion/Query expansion by mining user logs.pdf:PDF},
  owner = {coder},
  publisher = {IEEE},
  timestamp = {2013.10.18},
  url = {http://ieeexplore.ieee.org/xpls/abs_all.jsp?arnumber=1209002}
}

@INPROCEEDINGS{2005-Fonseca-p696-703,
  author = {Fonseca, Bruno M and Golgher, Paulo and P{\^o}ssas, Bruno and Ribeiro-Neto,
	Berthier and Ziviani, Nivio},
  title = {Concept-based interactive query expansion},
  booktitle = {Proceedings of the 14th ACM international conference on Information
	and knowledge management},
  year = {2005},
  pages = {696--703},
  organization = {ACM},
  file = {Concept-Based Interactive Query Expansion.pdf:papers-not-read/query-expan/Concept-Based Interactive Query Expansion.pdf:PDF;Concept-Based Interactive Query Expansion.pdf:papers-have-read/query expansion/global query expansion/Concept-Based Interactive Query Expansion.pdf:PDF},
  owner = {coder},
  timestamp = {2013.10.18},
  url = {http://dl.acm.org/citation.cfm?id=1099726}
}

@ARTICLE{2001-Greenberg-p402-415,
  author = {Greenberg, Jane},
  title = {Automatic query expansion via lexical--semantic relationships},
  journal = {Journal of the American Society for Information Science and Technology},
  year = {2001},
  volume = {52},
  pages = {402--415},
  number = {5},
  owner = {coder},
  publisher = {Wiley Online Library},
  timestamp = {2013.10.18},
  url = {http://onlinelibrary.wiley.com/doi/10.1002/1532-2890(2001)9999:9999%3C::AID-ASI1089%3E3.0.CO;2-K/full}
}

@ARTICLE{2007-He-p1294-1307,
  author = {He, Ben and Ounis, Iadh},
  title = {Combining fields for query expansion and adaptive query expansion},
  journal = {Information processing \& management},
  year = {2007},
  volume = {43},
  pages = {1294--1307},
  number = {5},
  file = {Combining fields for query expansion and adaptive query expansion.pdf:papers-have-read/query expansion/global query expansion/Combining fields for query expansion and adaptive query expansion.pdf:PDF},
  owner = {coder},
  publisher = {Elsevier},
  timestamp = {2013.10.18},
  url = {http://www.sciencedirect.com/science/article/pii/S0306457306001956}
}

@INPROCEEDINGS{2010-Herdagdelen-p283-290,
  author = {Herdagdelen, Ama{\c{c}} and Ciaramita, Massimiliano and Mahler, Daniel
	and Holmqvist, Maria and Hall, Keith and Riezler, Stefan and Alfonseca,
	Enrique},
  title = {Generalized syntactic and semantic models of query reformulation},
  booktitle = {Proceedings of the 33rd international ACM SIGIR conference on Research
	and development in information retrieval},
  year = {2010},
  pages = {283--290},
  organization = {ACM},
  owner = {coder},
  timestamp = {2013.10.18},
  url = {http://dl.acm.org/citation.cfm?id=1835498}
}

@INCOLLECTION{2010-Imran-p386-393,
  author = {Imran, Hazra and Sharan, Aditi},
  title = {A framework for automatic query expansion},
  booktitle = {Web Information Systems and Mining},
  publisher = {Springer},
  year = {2010},
  pages = {386--393},
  file = {A Framework for Automatic Query Expansion.pdf:papers-have-read/query expansion/global query expansion/A Framework for Automatic Query Expansion.pdf:PDF},
  owner = {coder},
  timestamp = {2013.10.18},
  url = {http://link.springer.com/chapter/10.1007/978-3-642-16515-3_48}
}

@ARTICLE{2011-Kaczmarek-p3168-3173,
  author = {Kaczmarek, Adam L},
  title = {Interactive query expansion with the use of clustering-by-directions
	algorithm},
  journal = {Industrial Electronics, IEEE Transactions on},
  year = {2011},
  volume = {58},
  pages = {3168--3173},
  number = {8},
  owner = {coder},
  publisher = {IEEE},
  timestamp = {2013.10.18},
  url = {http://ieeexplore.ieee.org/xpls/abs_all.jsp?arnumber=5432956}
}

@INPROCEEDINGS{2010-Luo-p2-710,
  author = {Luo, Jing and Meng, Bo and Tu, Xinhui and Gu, Jinguang},
  title = {Selecting good expansion terms based on Google similarity distance},
  booktitle = {Future Computer and Communication (ICFCC), 2010 2nd International
	Conference on},
  year = {2010},
  volume = {2},
  pages = {V2--710},
  organization = {IEEE},
  file = {Selecting Good Expansion Terms based on Google Similarity Distance.pdf:papers-have-read/query expansion/global query expansion/Selecting Good Expansion Terms based on Google Similarity Distance.pdf:PDF},
  owner = {coder},
  timestamp = {2013.10.18},
  url = {http://ieeexplore.ieee.org/xpls/abs_all.jsp?arnumber=5497592}
}

@INPROCEEDINGS{2010-Meij-p875-876,
  author = {Meij, Edgar and de Rijke, Maarten},
  title = {Supervised query modeling using wikipedia},
  booktitle = {Proceedings of the 33rd international ACM SIGIR conference on Research
	and development in information retrieval},
  year = {2010},
  pages = {875--876},
  organization = {ACM},
  owner = {coder},
  timestamp = {2013.10.18},
  url = {http://dl.acm.org/citation.cfm?id=1835660}
}

@ARTICLE{2013-Mikolov-p-,
  author = {Mikolov, Tomas and Chen, Kai and Corrado, Greg and Dean, Jeffrey},
  title = {Efficient Estimation of Word Representations in Vector Space},
  journal = {arXiv preprint arXiv:1301.3781},
  year = {2013},
  file = {Efficient Estimation of Word Representations in Vector Space.pdf:papers-not-read/query-expan/Efficient Estimation of Word Representations in Vector Space.pdf:PDF},
  owner = {coder},
  timestamp = {2013.10.18},
  url = {http://arxiv.org/abs/1301.3781}
}

@INPROCEEDINGS{2013-Mikolov-p746-751,
  author = {Mikolov, Tomas and Yih, Wen-tau and Zweig, Geoffrey},
  title = {Linguistic regularities in continuous space word representations},
  booktitle = {Proceedings of NAACL-HLT},
  year = {2013},
  pages = {746--751},
  __markedentry = {[coder:]},
  owner = {coder},
  timestamp = {2013.10.18}
}

@ARTICLE{2004-ShamimKhan-p29-40,
  author = {Shamim Khan, M and Khor, Sebastian},
  title = {Enhanced web document retrieval using automatic query expansion},
  journal = {Journal of the American Society for Information Science and Technology},
  year = {2004},
  volume = {55},
  pages = {29--40},
  number = {1},
  owner = {coder},
  publisher = {Wiley Online Library},
  timestamp = {2013.10.18},
  url = {http://onlinelibrary.wiley.com/doi/10.1002/asi.10341/full}
}

@ARTICLE{2007-Vechtomova-p849-865,
  author = {Vechtomova, Olga and Karamuftuoglu, Murat},
  title = {Query expansion with terms selected using lexical cohesion analysis
	of documents},
  journal = {Information Processing \& Management},
  year = {2007},
  volume = {43},
  pages = {849--865},
  number = {4},
  file = {Query expansion with terms selected using lexical cohesion analysis of documents.pdf:papers-have-read/query expansion/global query expansion/Query expansion with terms selected using lexical cohesion analysis of documents.pdf:PDF},
  owner = {coder},
  publisher = {Elsevier},
  timestamp = {2013.10.18},
  url = {http://www.sciencedirect.com/science/article/pii/S0306457306001373}
}

@INPROCEEDINGS{2009-Weerkamp-p1057-1065,
  author = {Weerkamp, Wouter and Balog, Krisztian and de Rijke, Maarten},
  title = {A generative blog post retrieval model that uses query expansion
	based on external collections},
  booktitle = {Proceedings of the Joint Conference of the 47th Annual Meeting of
	the ACL and the 4th International Joint Conference on Natural Language
	Processing of the AFNLP: Volume 2-Volume 2},
  year = {2009},
  pages = {1057--1065},
  organization = {Association for Computational Linguistics},
  owner = {coder},
  timestamp = {2013.10.18},
  url = {http://dl.acm.org/citation.cfm?id=1690294}
}

@INPROCEEDINGS{2001-Wen-p162-168,
  author = {Wen, Ji-Rong and Nie, Jian-Yun and Zhang, Hong-Jiang},
  title = {Clustering user queries of a search engine},
  booktitle = {Proceedings of the 10th international conference on World Wide Web},
  year = {2001},
  pages = {162--168},
  organization = {ACM},
  owner = {coder},
  timestamp = {2013.10.18},
  url = {http://dl.acm.org/citation.cfm?id=371974}
}

@INPROCEEDINGS{1996-Xu-p4-11,
  author = {Xu, Jinxi and Croft, W Bruce},
  title = {Query expansion using local and global document analysis},
  booktitle = {Proceedings of the 19th annual international ACM SIGIR conference
	on Research and development in information retrieval},
  year = {1996},
  pages = {4--11},
  organization = {ACM},
  owner = {coder},
  timestamp = {2013.10.18},
  url = {http://dl.acm.org/citation.cfm?id=243202}
}

@ARTICLE{2012-Zhou-p218-242,
  author = {Zhou, Dong and Lawless, S{\'e}amus and Wade, Vincent},
  title = {Improving search via personalized query expansion using social media},
  journal = {Information retrieval},
  year = {2012},
  volume = {15},
  pages = {218--242},
  number = {3-4},
  file = {Improving search via personalized query expansion using social media.pdf:papers-have-read/query expansion/global query expansion/Improving search via personalized query expansion using social media.pdf:PDF},
  owner = {coder},
  publisher = {Springer},
  timestamp = {2013.10.18},
  url = {http://link.springer.com/article/10.1007/s10791-012-9191-2}
}

