% This file was created with JabRef 2.7b.
% Encoding: UTF-8

@INPROCEEDINGS{wong2008extractive,
  author = {Wong, Kam-Fai and Wu, Mingli and Li, Wenjie},
  title = {Extractive summarization using supervised and semi-supervised learning},
  booktitle = {Proceedings of the 22nd International Conference on Computational
	Linguistics-Volume 1},
  year = {2008},
  pages = {985--992},
  organization = {Association for Computational Linguistics}
}

@comment{jabref-meta: selector_publisher:}

@comment{jabref-meta: selector_author:}

@comment{jabref-meta: selector_journal:}

@comment{jabref-meta: selector_keywords:}

